@misc{QRS,
       author = {{Kerenidis}, Iordanis and {Prakash}, Anupam},
        title = "{Quantum Recommendation Systems}",
         year = 2016,
archivePrefix = {arXiv},
       eprint = {1603.08675},
 primaryClass = {quant-ph}
}

@misc{QCNN,
    title={Quantum Algorithms for Deep Convolutional Neural Networks},
    author={Iordanis Kerenidis and Jonas Landman and Anupam Prakash},
    year={2019},
    eprint={1911.01117},
    archivePrefix={arXiv},
    primaryClass={quant-ph}
}

@misc{QRAM,
       author = {{Giovannetti}, Vittorio and {Lloyd}, Seth and {Maccone}, Lorenzo},
        title = "{Quantum Random Access Memory}",
      journal = {\prl},
     keywords = {03.67.Lx, 03.65.Ud, 89.20.Ff, Quantum computation, Entanglement and quantum nonlocality, Computer science and technology, Quantum Physics},
         year = 2008,
       volume = {100},
       number = {16},
          eid = {160501},
        pages = {160501},
          doi = {10.1103/PhysRevLett.100.160501},
archivePrefix = {arXiv},
       eprint = {0708.1879},
 primaryClass = {quant-ph},
       adsurl = {https://ui.adsabs.harvard.edu/abs/2008PhRvL.100p0501G},
      adsnote = {Provided by the SAO/NASA Astrophysics Data System}
}

@misc{QRAMCircuit,
    title={Fault tolerant resource estimation of quantum random-access memories},
    author={Olivia Di Matteo and Vlad Gheorghiu and Michele Mosca},
    year={2019},
    eprint={1902.01329},
    archivePrefix={arXiv},
    primaryClass={quant-ph}
}

@article{Shor,
   title={Polynomial-Time Algorithms for Prime Factorization and Discrete Logarithms on a Quantum Computer},
   volume={26},
   ISSN={1095-7111},
   url={http://dx.doi.org/10.1137/S0097539795293172},
   DOI={10.1137/s0097539795293172},
   number={5},
   journal={SIAM Journal on Computing},
   publisher={Society for Industrial & Applied Mathematics (SIAM)},
   author={Shor, Peter W.},
   year={1997},
   month={Oct},
   pages={1484â€“1509}
}

@article{HHL,
   title={Quantum Algorithm for Linear Systems of Equations},
   volume={103},
   ISSN={1079-7114},
   url={http://dx.doi.org/10.1103/PhysRevLett.103.150502},
   DOI={10.1103/physrevlett.103.150502},
   number={15},
   journal={Physical Review Letters},
   publisher={American Physical Society (APS)},
   author={Harrow, Aram W. and Hassidim, Avinatan and Lloyd, Seth},
   year={2009},
   month={Oct}
}

@phdthesis{Prakash,
    Author = {Prakash, Anupam},
    Title = {Quantum Algorithms for Linear Algebra and Machine Learning.},
    School = {EECS Department, University of California, Berkeley},
    Year = {2014},
    Month = {Dec},
    URL = {http://www2.eecs.berkeley.edu/Pubs/TechRpts/2014/EECS-2014-211.html},
    Number = {UCB/EECS-2014-211}
}

@article{QBSC,
    author = {Oliveira, David and Ramos, Rubens},
    year = {2007},
    month = {01},
    pages = {},
    title = {Quantum bit string comparator: Circuits and applications},
    volume = {7},
    journal = {Quantum Computers and Computing}
}

@misc{HistoryEquivalence,
    author = {Casado, Carlos M. Madrid},
    url = {http://www.lajpe.org/may08/09_Carlos_Madrid.pdf},
    journal = {Latin American Journal of Physics Education},
    volume = {2},
    pages = {152-155},
    number = {2},
    title = {A brief history of the mathematical equivalence between the two quantum mechanics}
}
